% Encoding: UTF-8
% vim:enc=utf-8:

@Book{Knuth1986,
  Title                    = {The \TeX book},
  Author                   = {Donald~Ervin Knuth},
  Publisher                = {Addison-Wesley},
  Year                     = {1986}
}
@Book{Lamport1994,
  Title                    = {A Document Preparation System},
  Author                   = {Leslie Lamport},
  Publisher                = {Addison-Wesley},
  Year                     = {1994}
}

@Book{Liu2013,
  Title                    = {\LaTeX 入门},
  Author                   = {刘海洋},
  Publisher                = {电子工业出版社},
  Year                     = {2013}
}

@Book{Zhang2019,
  Title                    = {养猪入门},
  Author                   = {张三 and 李四 and 王五 and 李六 and 赵九},
  Publisher                = {XXXXXX},
  Year                     = {2019}
}

@Book{Zhang2019a,
  Title                    = {养猪进阶},
  Author                   = {张三 and 李四 and 王五 and 李六},
  Publisher                = {XXXXXX},
  Year                     = {2019}
}

@Book{Zhang2019b,
  Title                    = {养猪的艺术},
  Author                   = {张三 and 李四 and 王五},
  Publisher                = {XXXXXX},
  Year                     = {2019}
}

@Book{Zhang2019c,
  Title                    = {How to What},
  Author                   = {San Zhang and Si Li and Wu Wang and Liu Li and Jiu Zhao},
  Publisher                = {XXXXXX},
  Year                     = {2019}
}
